<record><leader>00000cas a2200000 a 4500</leader><controlfield tag="001">9228382</controlfield><controlfield tag="008">830216c19499999aluwr ne      0   a0eng d</controlfield><datafield ind1=" " ind2=" " tag="010"><subfield code="a">sn 83008673 </subfield></datafield><datafield ind1=" " ind2=" " tag="040"><subfield code="a">AAA</subfield><subfield code="b">eng</subfield><subfield code="c">AAA</subfield><subfield code="d">NSD</subfield><subfield code="d">CPN</subfield><subfield code="d">NSD</subfield><subfield code="d">OCLCQ</subfield></datafield><datafield ind1=" " ind2=" " tag="012"><subfield code="l">1</subfield><subfield code="m">1</subfield></datafield><datafield ind1="1" ind2=" " tag="022"><subfield code="a">0739-9677</subfield><subfield code="l">0739-9677</subfield><subfield code="2">1</subfield></datafield><datafield ind1=" " ind2=" " tag="032"><subfield code="a">141660</subfield><subfield code="b">USPS</subfield></datafield><datafield ind1=" " ind2=" " tag="037"><subfield code="b">Dadeville Record, 139 Church St., P.O. Box 999, Alexander City, AL 35010</subfield></datafield><datafield ind1=" " ind2=" " tag="042"><subfield code="a">nsdp</subfield></datafield><datafield ind1=" " ind2="4" tag="222"><subfield code="a">The Dadeville record</subfield></datafield><datafield ind1="0" ind2="4" tag="245"><subfield code="a">The Dadeville record.</subfield></datafield><datafield ind1=" " ind2=" " tag="260"><subfield code="a">Dadeville, Ala. :</subfield><subfield code="b">[s.n.],</subfield><subfield code="c">1949-</subfield></datafield><datafield ind1=" " ind2=" " tag="300"><subfield code="a">v. :</subfield><subfield code="b">ill.</subfield></datafield><datafield ind1=" " ind2=" " tag="310"><subfield code="a">Weekly</subfield></datafield><datafield ind1="0" ind2=" " tag="362"><subfield code="a">51st year, no. 31 (Sept. 8, 1949)-</subfield></datafield><datafield ind1=" " ind2=" " tag="588"><subfield code="a">Latest issue consulted: Vol. 90, no. 12 (Mar. 24, 1988).</subfield></datafield><datafield ind1=" " ind2=" " tag="752"><subfield code="a">United States</subfield><subfield code="b">Alabama</subfield><subfield code="c">Tallapoosa</subfield><subfield code="d">Dadeville.</subfield></datafield><datafield ind1="0" ind2="7" tag="780"><subfield code="t">Tallapoosa record</subfield><subfield code="w">(DLC)sn 88050042</subfield></datafield><datafield ind1="0" ind2="5" tag="780"><subfield code="t">Camp Hill news (Camp Hill, Ala.)</subfield><subfield code="w">(DLC)sn 88050043</subfield></datafield><datafield ind1="0" ind2="5" tag="780"><subfield code="t">Lake Martin news</subfield><subfield code="w">(DLC)sn 86050026</subfield></datafield><datafield ind1="1" ind2=" " tag="029"><subfield code="a">AU@</subfield><subfield code="b">000025810908</subfield></datafield></record>